
@article{RougierSustainablecomputationalscience2017,
  title = {Sustainable Computational Science: The {{ReScience}} Initiative},
  volume = {3},
  copyright = {All rights reserved},
  issn = {2376-5992},
  shorttitle = {Sustainable Computational Science},
  doi = {10.7717/peerj-cs.142},
  language = {en},
  journal = {PeerJ Computer Science},
  author = {Rougier, Nicolas P. and Hinsen, Konrad and Alexandre, Fr\'ed\'eric and Arildsen, Thomas and Barba, Lorena A. and Benureau, Fabien C.Y. and Brown, C. Titus and {de Buyl}, Pierre and Caglayan, Ozan and Davison, Andrew P. and Delsuc, Marc-Andr\'e and Detorakis, Georgios and Diem, Alexandra K. and Drix, Damien and Enel, Pierre and Girard, Beno\^it and Guest, Olivia and Hall, Matt G. and Henriques, Rafael N. and Hinaut, Xavier and Jaron, Kamil S. and Khamassi, Mehdi and Klein, Almar and Manninen, Tiina and Marchesi, Pietro and McGlinn, Daniel and Metzner, Christoph and Petchey, Owen and Plesser, Hans Ekkehard and Poisot, Timoth\'ee and Ram, Karthik and Ram, Yoav and Roesch, Etienne and Rossant, Cyrille and Rostami, Vahid and Shifman, Aaron and Stachelek, Joseph and Stimberg, Marcel and Stollmeier, Frank and Vaggi, Federico and Viejo, Guillaume and Vitay, Julien and Vostinar, Anya E. and Yurchak, Roman and Zito, Tiziano},
  month = dec,
  year = {2017},
  pages = {e142},
  file = {/home/hinsen/Zotero/storage/97RABFZG/Rougier et al. - 2017 - Sustainable computational science the ReScience i.pdf}
}


